@article{ohearn_IncorrectnessLogic_2020,
  title = {Incorrectness Logic},
  author = {O'Hearn, Peter W.},
  year = {2020},
  month = jan,
  journal = {Proceedings of the ACM on Programming Languages},
  volume = {4},
  number = {POPL},
  pages = {1--32},
  issn = {2475-1421, 2475-1421},
  doi = {10.1145/3371078},
  langid = {english}
}

@incollection{raad_LocalReasoningPresence_2020,
  title = {Local {{Reasoning About}} the {{Presence}} of {{Bugs}}: {{Incorrectness Separation Logic}}},
  shorttitle = {Local {{Reasoning About}} the {{Presence}} of {{Bugs}}},
  booktitle = {Computer {{Aided Verification}}},
  author = {Raad, Azalea and Berdine, Josh and Dang, Hoang-Hai and Dreyer, Derek and O'Hearn, Peter and Villard, Jules},
  editor = {Lahiri, Shuvendu K. and Wang, Chao},
  year = {2020},
  volume = {12225},
  pages = {225--252},
  publisher = {Springer International Publishing},
  address = {Cham},
  doi = {10.1007/978-3-030-53291-8_14},
  isbn = {978-3-030-53290-1 978-3-030-53291-8},
  langid = {english}
}

@article{le_FindingRealBugs_2022,
  title = {Finding Real Bugs in Big Programs with Incorrectness Logic},
  author = {Le, Quang Loc and Raad, Azalea and Villard, Jules and Berdine, Josh and Dreyer, Derek and O'Hearn, Peter W.},
  year = {2022},
  month = apr,
  journal = {Proceedings of the ACM on Programming Languages},
  volume = {6},
  number = {OOPSLA1},
  pages = {1--27},
  issn = {2475-1421},
  doi = {10.1145/3527325},
  langid = {english}
}

@article{murray_UnderApproximateRelationalLogic_2020a,
  title = {An {{Under-Approximate Relational Logic}}},
  author = {Murray, Toby},
  year = {2020},
  month = mar,
  journal = {Archive of Formal Proofs},
  issn = {2150-914x}
}

@article{zhang_QuantitativeStrongestPost_2022b,
  title = {Quantitative Strongest Post: A Calculus for Reasoning about the Flow of Quantitative Information},
  shorttitle = {Quantitative Strongest Post},
  author = {Zhang, Linpeng and Kaminski, Benjamin Lucien},
  year = {2022},
  month = apr,
  journal = {Proceedings of the ACM on Programming Languages},
  volume = {6},
  number = {OOPSLA1},
  pages = {87:1--87:29},
  doi = {10.1145/3527331},
  keywords = {Incorrectness Logic,Quantitative Verification,Strongest Postcondition,Weakest Precondition}
}

@article{struth_ExpressivePowerKleene_2016,
  title = {On the Expressive Power of {{Kleene}} Algebra with Domain},
  author = {Struth, Georg},
  year = {2016},
  month = apr,
  journal = {Information Processing Letters},
  volume = {116},
  number = {4},
  pages = {284--288},
  issn = {0020-0190},
  doi = {10.1016/j.ipl.2015.11.007},
  langid = {english},
  keywords = {Expressive power,Hoare logic,Kleene algebras,Program correctness,Semirings}
}

@article{zhang_IncorrectnessLogicKleene_2022,
  title = {On Incorrectness Logic and {{Kleene}} Algebra with Top and Tests},
  author = {Zhang, Cheng and {de Amorim}, Arthur Azevedo and Gaboardi, Marco},
  year = {2022},
  month = jan,
  journal = {Proceedings of the ACM on Programming Languages},
  volume = {6},
  number = {POPL},
  pages = {29:1--29:30},
  doi = {10.1145/3498690},
  keywords = {Hoare Logic,Incorrectness Logic,Kleene Algebra with Tests,Program Reasoning}
}

@misc{zhang_DomainReasoningTopKAT_2024,
  title = {Domain {{Reasoning}} in {{TopKAT}}},
  author = {Zhang, Cheng and {de Amorim}, Arthur Azevedo and Gaboardi, Marco},
  year = {2024},
  month = apr,
  eprint = {2404.18417},
  primaryclass = {cs},
  doi = {10.4230/LIPIcs.ICALP.2024.133},
  archiveprefix = {arxiv},
  keywords = {Computer Science - Logic in Computer Science,Computer Science - Programming Languages}
}

@incollection{kozen_KleeneAlgebraTests_1997c,
  title = {Kleene Algebra with Tests: {{Completeness}} and Decidability},
  shorttitle = {Kleene Algebra with Tests},
  booktitle = {Computer {{Science Logic}}},
  author = {Kozen, Dexter and Smith, Frederick},
  editor = {Goos, Gerhard and Hartmanis, Juris and Leeuwen, Jan and Dalen, Dirk and Bezem, Marc},
  year = {1997},
  volume = {1258},
  pages = {244--259},
  publisher = {Springer Berlin Heidelberg},
  address = {Berlin, Heidelberg},
  doi = {10.1007/3-540-63172-0_43},
  isbn = {978-3-540-63172-9 978-3-540-69201-0},
  langid = {english}
}

@inproceedings{pous_ToolsCompletenessKleene_2021,
  title = {On {{Tools}} for {{Completeness}} of {{Kleene Algebra}} with {{Hypotheses}}},
  booktitle = {Relational and {{Algebraic Methods}} in {{Computer Science}}: 19th {{International Conference}}, {{RAMiCS}} 2021, {{Marseille}}, {{France}}, {{November}} 2--5, 2021, {{Proceedings}}},
  author = {Pous, Damien and Rot, Jurriaan and Wagemaker, Jana},
  year = {2021},
  month = nov,
  pages = {378--395},
  publisher = {Springer-Verlag},
  address = {Berlin, Heidelberg},
  doi = {10.1007/978-3-030-88701-8_23},
  isbn = {978-3-030-88700-1}
}

@incollection{kozen_KleeneAlgebraTests_1996,
  title = {Kleene Algebra with Tests and Commutativity Conditions},
  booktitle = {Tools and {{Algorithms}} for the {{Construction}} and {{Analysis}} of {{Systems}}},
  author = {Kozen, Dexter},
  editor = {Goos, Gerhard and Hartmanis, Juris and Leeuwen, Jan and Margaria, Tiziana and Steffen, Bernhard},
  year = {1996},
  volume = {1055},
  pages = {14--33},
  publisher = {Springer Berlin Heidelberg},
  address = {Berlin, Heidelberg},
  doi = {10.1007/3-540-61042-1_35},
  isbn = {978-3-540-61042-7 978-3-540-49874-2},
  langid = {english}
}

@article{antonopoulos_AlgebraAlignmentRelational_2023,
  title = {An {{Algebra}} of {{Alignment}} for {{Relational Verification}}},
  author = {Antonopoulos, Timos and Koskinen, Eric and Le, Ton Chanh and Nagasamudram, Ramana and Naumann, David A. and Ngo, Minh},
  year = {2023},
  month = jan,
  journal = {Proceedings of the ACM on Programming Languages},
  volume = {7},
  number = {POPL},
  pages = {20:573--20:603},
  doi = {10.1145/3571213},
  keywords = {hyperproperties,Kleene algebra with tests,program algebra,relational verification}
}

@inproceedings{kuznetsov_ComplexityReasoningKleene_2023,
  title = {On the~{{Complexity}} of~{{Reasoning}} in~{{Kleene Algebra}} with~{{Commutativity Conditions}}},
  booktitle = {Theoretical {{Aspects}} of {{Computing}} -- {{ICTAC}} 2023},
  author = {Kuznetsov, Stepan L.},
  editor = {{\'A}brah{\'a}m, Erika and Dubslaff, Clemens and Tarifa, Silvia Lizeth Tapia},
  year = {2023},
  pages = {83--99},
  publisher = {Springer Nature Switzerland},
  address = {Cham},
  doi = {10.1007/978-3-031-47963-2_7},
  isbn = {978-3-031-47963-2},
  langid = {english},
  keywords = {algorithmic complexity,commutativity conditions,Kleene algebra}
}

@unpublished{azevedodeamorim_KleeneAlgebraCommutativity_2024,
  title = {Kleene Algebra with Commutativity Conditions Is Undecidable},
  author = {{Azevedo de Amorim}, Arthur and Zhang, Cheng and Gaboardi, Marco},
  year = {2024},
  month = apr,
  keywords = {Automaton,Commutativity,Complexity,Kleene algebra}
}

@article{leroy_FormalVerificationRealistic_2009,
  title = {Formal Verification of a Realistic Compiler},
  author = {Leroy, Xavier},
  year = {2009},
  month = jul,
  journal = {Communications of the ACM},
  volume = {52},
  number = {7},
  pages = {107--115},
  issn = {0001-0782},
  doi = {10.1145/1538788.1538814}
}

@inproceedings{verbeek_FormallyVerifiedLifting_2022,
  title = {Formally Verified Lifting of {{C-compiled}} X86-64 Binaries},
  booktitle = {Proceedings of the 43rd {{ACM SIGPLAN International Conference}} on {{Programming Language Design}} and {{Implementation}}},
  author = {Verbeek, Freek and Bockenek, Joshua and Fu, Zhoulai and Ravindran, Binoy},
  year = {2022},
  month = jun,
  pages = {934--949},
  publisher = {ACM},
  address = {San Diego CA USA},
  doi = {10.1145/3519939.3523702},
  isbn = {978-1-4503-9265-5},
  langid = {english}
}

@inproceedings{yakdan_NoMoreGotos_2015,
  title = {No {{More Gotos}}: {{Decompilation Using Pattern-Independent Control-Flow Structuring}} and {{Semantics-Preserving Transformations}}},
  shorttitle = {No {{More Gotos}}},
  booktitle = {Proceedings 2015 {{Network}} and {{Distributed System Security Symposium}}},
  author = {Yakdan, Khaled and Eschweiler, Sebastian and {Gerhards-Padilla}, Elmar and Smith, Matthew},
  year = {2015},
  publisher = {Internet Society},
  address = {San Diego, CA},
  doi = {10.14722/ndss.2015.23185},
  isbn = {978-1-891562-38-9},
  langid = {english}
}

@article{basque_AhoySAILRThere_,
  title = {Ahoy {{SAILR}}! {{There}} Is {{No Need}} to {{DREAM}} of {{C}}: {{A Compiler-Aware Structuring Algorithm}} for {{Binary Decompilation}}},
  author = {Basque, Zion Leonahenahe and Bajaj, Ati Priya and Gibbs, Wil and O'Kain, Jude and Miao, Derron and Doup{\'e}, Adam and Shoshitaishvili, Yan and Wang, Ruoyu},
  langid = {english}
}

@inproceedings{kozen_CertificationCompilerOptimizations_2000a,
  title = {Certification of {{Compiler Optimizations Using Kleene Algebra}} with {{Tests}}},
  booktitle = {Computational {{Logic}} --- {{CL}} 2000},
  author = {Kozen, Dexter and Patron, Maria-Cristina},
  editor = {Goos, G. and Hartmanis, J. and Van Leeuwen, J. and Lloyd, John and Dahl, Veronica and Furbach, Ulrich and Kerber, Manfred and Lau, Kung-Kiu and Palamidessi, Catuscia and Pereira, Lu{\'i}s Moniz and Sagiv, Yehoshua and Stuckey, Peter J.},
  year = {2000},
  volume = {1861},
  pages = {568--582},
  publisher = {Springer Berlin Heidelberg},
  address = {Berlin, Heidelberg},
  doi = {10.1007/3-540-44957-4_38},
  isbn = {978-3-540-67797-0 978-3-540-44957-7},
  langid = {english}
}

@inproceedings{erosa_TamingControlFlow_1994,
  title = {Taming Control Flow: A Structured Approach to Eliminating Goto Statements},
  shorttitle = {Taming Control Flow},
  booktitle = {Proceedings of 1994 {{IEEE International Conference}} on {{Computer Languages}} ({{ICCL}}'94)},
  author = {Erosa, A.M. and Hendren, L.J.},
  year = {1994},
  month = may,
  pages = {229--240},
  doi = {10.1109/ICCL.1994.288377},
  keywords = {Computer science,Design optimization,Flow graphs,Information analysis,Optimizing compilers,Program processors,Programming profession,Software engineering,Software testing,Switches}
}

@article{smolka_GuardedKleeneAlgebra_2020,
  title = {Guarded {{Kleene}} Algebra with Tests: Verification of Uninterpreted Programs in Nearly Linear Time},
  shorttitle = {Guarded {{Kleene}} Algebra with Tests},
  author = {Smolka, Steffen and Foster, Nate and Hsu, Justin and Kapp{\'e}, Tobias and Kozen, Dexter and Silva, Alexandra},
  year = {2020},
  month = jan,
  journal = {Proceedings of the ACM on Programming Languages},
  volume = {4},
  number = {POPL},
  pages = {1--28},
  issn = {2475-1421},
  doi = {10.1145/3371129},
  langid = {english}
}

@article{brzozowski_DerivativesRegularExpressions_1964,
  title = {Derivatives of {{Regular Expressions}}},
  author = {Brzozowski, Janusz A.},
  year = {1964},
  month = oct,
  journal = {Journal of the ACM},
  volume = {11},
  number = {4},
  pages = {481--494},
  issn = {0004-5411},
  doi = {10.1145/321239.321249}
}

@misc{schmid_GuardedKleeneAlgebra_2021,
  title = {Guarded {{Kleene Algebra}} with {{Tests}}: {{Coequations}}, {{Coinduction}}, and {{Completeness}}},
  shorttitle = {Guarded {{Kleene Algebra}} with {{Tests}}},
  author = {Schmid, Todd and Kapp{\'e}, Tobias and Kozen, Dexter and Silva, Alexandra},
  year = {2021},
  month = may,
  eprint = {2102.08286},
  primaryclass = {cs},
  doi = {10.4230/LIPIcs.ICALP.2021.142},
  archiveprefix = {arxiv},
  keywords = {Computer Science - Logic in Computer Science,Computer Science - Programming Languages}
}

@inproceedings{pous_SymbolicAlgorithmsLanguage_2015,
  title = {Symbolic {{Algorithms}} for {{Language Equivalence}} and {{Kleene Algebra}} with {{Tests}}},
  booktitle = {Proceedings of the 42nd {{Annual ACM SIGPLAN-SIGACT Symposium}} on {{Principles}} of {{Programming Languages}}},
  author = {Pous, Damien},
  year = {2015},
  month = jan,
  series = {{{POPL}} '15},
  pages = {357--368},
  publisher = {Association for Computing Machinery},
  address = {New York, NY, USA},
  doi = {10.1145/2676726.2677007},
  isbn = {978-1-4503-3300-9},
  keywords = {antimirov' partial derivatives,bdd,binary decision diagrams,brzozowski's derivatives,disjoint set forests,guarded string automata,kat,kleene algebra with tests,language equivalence,symbolic automata,union-find}
}

@misc{naus_ReachabilityLogicLowLevel_2022a,
  title = {Reachability {{Logic}} for {{Low-Level Programs}}},
  author = {Naus, Nico and Verbeek, Freek and Schoolderman, Marc and Ravindran, Binoy},
  year = {2022},
  month = mar,
  number = {arXiv:2204.00076},
  eprint = {2204.00076},
  primaryclass = {cs},
  publisher = {arXiv},
  doi = {10.48550/arXiv.2204.00076},
  archiveprefix = {arxiv},
  keywords = {Computer Science - Logic in Computer Science}
}

@inproceedings{sedlar_ComplexityKleeneAlgebra_2023,
  title = {On the~{{Complexity}} of~{{Kleene Algebra}} with~{{Domain}}},
  booktitle = {Relational and {{Algebraic Methods}} in {{Computer Science}}: 20th {{International Conference}}, {{RAMiCS}} 2023, {{Augsburg}}, {{Germany}}, {{April}} 3--6, 2023, {{Proceedings}}},
  author = {Sedl{\'a}r, Igor},
  year = {2023},
  month = apr,
  pages = {208--223},
  publisher = {Springer-Verlag},
  address = {Berlin, Heidelberg},
  doi = {10.1007/978-3-031-28083-2_13},
  isbn = {978-3-031-28082-5},
  keywords = {Complexity,Kleene algebra,Kleene algebra with domain,Propositional dynamic logic,Test algebra}
}

@article{kozen_NonlocalFlowControl_2008a,
  title = {Nonlocal {{Flow}} of {{Control}} and {{Kleene Algebra}} with {{Tests}}},
  author = {Kozen, Dexter},
  year = {2008},
  month = jun,
  journal = {2008 23rd Annual IEEE Symposium on Logic in Computer Science},
  pages = {105--117},
  publisher = {IEEE},
  address = {Pittsburgh, PA, USA},
  issn = {1043-6871},
  doi = {10.1109/LICS.2008.32},
  isbn = {9780769531830}
}

@article{desharnais_KleeneAlgebraDomain_2006,
  title = {Kleene Algebra with Domain},
  author = {Desharnais, Jules and M{\"o}ller, Bernhard and Struth, Georg},
  year = {2006},
  month = oct,
  journal = {ACM Transactions on Computational Logic},
  volume = {7},
  number = {4},
  pages = {798--833},
  issn = {1529-3785},
  doi = {10.1145/1183278.1183285},
}
